<collection xmlns="http://www.loc.gov/MARC21/slim"><record><leader>00983nam  2200277   450</leader><controlfield tag="001">714</controlfield><controlfield tag="003">http://montalegre.opacnet.com/OPAC/default.aspx?ContentAreaControl=ShowRegHoldings.ascx&amp;RegNo=16662</controlfield><datafield tag="010" ind1=" " ind2=" "><subfield code="a">972-25-1390-7</subfield></datafield><datafield tag="021" ind1=" " ind2=" "><subfield code="a">PT</subfield><subfield code="b">215973/04</subfield></datafield><datafield tag="100" ind1=" " ind2=" "><subfield code="a">20050913d2004    m  y0pory0103    ba</subfield></datafield><datafield tag="101" ind1="1" ind2=" "><subfield code="a">por</subfield><subfield code="c">fre</subfield></datafield><datafield tag="102" ind1=" " ind2=" "><subfield code="a">PT</subfield></datafield><datafield tag="105" ind1=" " ind2=" "><subfield code="a">y   z---001zy</subfield></datafield><datafield tag="106" ind1=" " ind2=" "><subfield code="a">r</subfield></datafield><datafield tag="200" ind1="1" ind2=" "><subfield code="a">Casada à força</subfield><subfield code="e">&lt;um &gt;testemunho perturbador</subfield><subfield code="f">Leila</subfield><subfield code="g">colab. Marie-Thérèse Cuny</subfield><subfield code="g">trad. Irene Daun e Lorena, Nuno Daun e Lorena</subfield></datafield><datafield tag="210" ind1=" " ind2=" "><subfield code="a">Lisboa</subfield><subfield code="c">Bertrand</subfield><subfield code="d">2004</subfield></datafield><datafield tag="215" ind1=" " ind2=" "><subfield code="a">234, [1] p.</subfield><subfield code="d">23 cm</subfield></datafield><datafield tag="304" ind1=" " ind2=" "><subfield code="a">Tít. orig.: Mariée de force</subfield></datafield><datafield tag="675" ind1=" " ind2=" "><subfield code="a">929</subfield><subfield code="v">BN</subfield><subfield code="z">por</subfield><subfield code="3">1239603</subfield></datafield><datafield tag="675" ind1=" " ind2=" "><subfield code="a">821.133.1-94"20"</subfield><subfield code="v">BN</subfield><subfield code="z">por</subfield><subfield code="v">BN</subfield><subfield code="z">por</subfield><subfield code="3">1054943</subfield></datafield><datafield tag="700" ind1=" " ind2="0"><subfield code="a">Leila</subfield><subfield code="3">1214819</subfield></datafield><datafield tag="702" ind1=" " ind2="1"><subfield code="a">Cuny</subfield><subfield code="b">Marie-Thérèse</subfield><subfield code="4">205</subfield><subfield code="3">194228</subfield></datafield><datafield tag="702" ind1=" " ind2="1"><subfield code="a">Lorena</subfield><subfield code="b">Irene Daun e</subfield><subfield code="4">730</subfield><subfield code="3">918722</subfield></datafield><datafield tag="702" ind1=" " ind2="1"><subfield code="a">Lorena</subfield><subfield code="b">Nuno Daun e</subfield><subfield code="4">730</subfield><subfield code="3">918723</subfield></datafield><datafield tag="801" ind1=" " ind2="0"><subfield code="a">PT</subfield><subfield code="b">Biblioteca Municipal de Montalegre</subfield><subfield code="g">RPC</subfield></datafield><datafield tag="856" ind1=" " ind2=" "><subfield code="u">locateMedia.asp?cod=20060530101737&amp;ext=jpg</subfield><subfield code="z">CAPA</subfield></datafield><datafield tag="909" ind1="&#9;" ind2=" "><subfield code="a">1</subfield></datafield><datafield tag="966" ind1=" " ind2=" "><subfield code="a">0016135</subfield><subfield code="l">BMM</subfield><subfield code="s">SCG 821 LEI cas</subfield></datafield></record></collection>